@Book{Stroustrup2015,
  author    = {Bjarne Stroustrup},
  publisher = {Hanser},
  title     = {Die C++-Programmiersprache},
  year      = {2015},
  address   = {München},
  isbn      = {9783446439818},
  url       = {\url{https://www.hanser-elibrary.com/doi/book/10.3139/9783446439818}},
}

@Book{Witte2019,
  author    = {Frank Witte},
  publisher = {Springer Vieweg},
  title     = {Testmanagement und Softwaretest},
  year      = {2019},
  address   = {Wiesbaden},
  isbn      = {9783658250874},
  url       = {\url{https://link.springer.com/book/10.1007/978-3-658-25087-4}},
}

@Book{Baumgartner2021,
  author    = {Manfred Baumgartner and Stefan Gwihs and Richard Seidl and Thomas Steirer and Marc-Florian Wendland},
  publisher = {dpunkt.verlag},
  title     = {Basiswissen Testautomatisierung},
  year      = {2021},
  address   = {Heidelberg},
  isbn      = {9783960887874},
  url       = {\url{http://ebookcentral.proquest.com/lib/dhbw-stuttgart/detail.action?docID=6466725}},
}

@Book{Beneken2022,
  author    = {Gerd Beneken and Felix Hummel and Martin Kucich},
  publisher = {Springer Vieweg},
  title     = {Grundkurs agiles Software-Engineering},
  year      = {2022},
  address   = {Wiesbaden},
  isbn      = {9783658373719},
  url       = {\url{https://link.springer.com/book/10.1007/978-3-658-37371-9}},
}

@Book{Witte2023,
  author    = {Frank Witte},
  publisher = {Springer Vieweg},
  title     = {Konzeption und Umsetzung automatisierter Softwaretests},
  year      = {2023},
  address   = {Wiesbaden},
  isbn      = {9783658426613},
  url       = {\url{https://link.springer.com/book/10.1007/978-3-658-42661-3}},
}

@Article{Gu2023,
  author    = {Shenghui Gu and Guoping Rong and He Zhang and Haifeng Shen},
  journal   = {IEEE Transactions on Software Engineering},
  title     = {{Logging Practices in Software Engineering: A Systematic Mapping Study}},
  year      = {2023},
  doi       = {10.1109/TSE.2022.3166924},
  url       = {\url{https://ieeexplore.ieee.org/abstract/document/9756253}},
}

@Misc{BalluffRIPressekit,
  author    = {{Balluff GmbH}},
  title     = {{Balluff Pressekit RadarImager}},
  url       = {\url{https://www.balluff.com/de-de/software-und-systemloesungen/radarimager-gesteigerte-qualitaetssicherung}},
  year      = {2024},
  note      = {Abgerufen am 15.08.2024},
}

@Misc{BalluffRIWebsite,
  author    = {{Balluff GmbH}},
  title     = {{Für eine gesteigerte Qualitätssicherung: Das Unsichtbare sichtbar machen}},
  url       = {\url{https://www.balluff.com/de-de/software-und-systemloesungen/radarimager-gesteigerte-qualitaetssicherung}},
  year      = {2024},
  note      = {Abgerufen am 15.08.2024},
}

@Misc{BalluffSDK,
  author    = {{Balluff GmbH}},
  title     = {{Impact Acquire SDK C++}},
  url       = {\url{https://assets.balluff.com/documents/DRF_957352_AA_000/index.html}},
  year      = {2024},
  note      = {Abgerufen am 15.08.2024},
}

@Misc{BalluffMVS,
  author    = {{Balluff GmbH}},
  title     = {{Machine Vision Software}},
  url       = {\url{https://www.balluff.com/de-de/products/areas/A0005/groups/G0507/products/F05701}},
  year      = {2024},
  note      = {Abgerufen am 15.08.2024},
}

@Misc{EMVA2024,
  author       = {{European Machine Vision Association}},
  organization = {EMVA},
  title        = {{GenICam Package Version 2024.04}},
  url          = {\url{https://www.emva.org/standards-technology/genicam/genicam-downloads/}},
  year         = {2024},
  note      = {Abgerufen am 15.08.2024},
}

@Misc{Zeiss2024,
  author    = {{Carl Zeiss Digital Innovation GmbH}},
  title     = {Testautomatisierung},
  url       = {\url{https://blogs.zeiss.com/digital-innovation/de/tag/testautomatisierung/}},
  year      = {2024},
  note      = {Abgerufen am 15.08.2024},
}
